@article{Rao2020Patch,
    title        = {Patch attention network with generative adversarial model for semi-supervised binocular disparity prediction},
    author       = {Rao, Zhibo and He, Mingyi and Dai, Yuchao and Shen, Zhelun},
    journal      = {The Visual Computer},
    pages        = {1--17},
    year         = {2020},
    publisher    = {Springer}
}

@inproceedings{Rao2019Sdbf,
    title        = {Sdbf-net: Semantic and disparity bidirectional fusion network for 3d semantic detection on incidental satellite images},
    author       = {Rao, Zhibo and He, Mingyi and Zhu, Zhidong and Dai, Yuchao and He, Renjie},
    booktitle    = {2019 Asia-Pacific Signal and Information Processing Association Annual Summit and Conference (APSIPA ASC)},
    pages        = {438--444},
    year         = {2019},
    organization = {IEEE}
}

@inproceedings{Rao2019Msdc,
    title        = {Msdc-net: Multi-scale dense and contextual networks for stereo matching},
    author       = {Rao, Zhibo and He, Mingyi and Dai, Yuchao and Zhu, Zhidong and Li, Bo and He, Renjie},
    booktitle    = {2019 Asia-Pacific Signal and Information Processing Association Annual Summit and Conference (APSIPA ASC)},
    pages        = {578--583},
    year         = {2019},
    organization = {IEEE}
}

@article{Rao2020BiDirectional,
    title        = {Bidirectional guided attention network for 3-d semantic detection of remote sensing images},
    author       = {Rao, Zhibo and He, Mingyi and Zhu, Zhidong and Dai, Yuchao and He, Renjie},
    journal      = {IEEE Transactions on Geoscience and Remote Sensing},
    year         = {2020},
    pages        = {1--16},
    publisher    = {IEEE}
}

@inproceedings{Rao2020Class,
    title        = {Class Attention Network for Semantic Segmentation of Remote Sensing Images},
    author       = {Rao, Zhibo and He, Mingyi and Dai, Yuchao},
    booktitle    = {2020 Asia-Pacific Signal and Information Processing Association Annual Summit and Conference (APSIPA ASC)},
    pages        = {150--155},
    year         = {2020},
    organization = {IEEE}
}

@article{Rao2020Nlca,
    title        = {Nlca-net: a non-local context attention network for stereo matching},
    author       = {Rao, Zhibo and He, Mingyi and Dai, Yuchao and Zhu, Zhidong and Li, Bo and He, Renjie},
    journal      = {APSIPA Transactions on Signal and Information Processing},
    volume       = {9},
    year         = {2020},
    pages        = {1--13},
    publishe     = {Cambridge University Press}
}